@ARTICLE{paper,
  author={Laurense, Vincent A. and Gerdes, J. Christian},
  journal={IEEE Transactions on Control Systems Technology}, 
  title={Long-Horizon Vehicle Motion Planning and Control Through Serially Cascaded Model Complexity}, 
  year={2022}
}

@ARTICLE{Gros2007,
  author    = {S. Gros and D. Buccieri and P. Mullhaupt and D. Bonvin},
  title     = {A two-timescale control scheme for fast unconstrained systems},
  booktitle = {Assessment and Future Directions of Nonlinear Model Predictive Control},
  year      = {2007},
  publisher = {Springer},
  address   = {Berlin, Germany},
  pages     = {551--563}
}

@ARTICLE{Gao2010,
  author    = {Y. Gao and T. Lin and F. Borrelli and E. Tseng and D. Hrovat},
  title     = {Predictive control of autonomous ground vehicles with obstacle avoidance on slippery roads},
  booktitle = {Proceedings of the ASME Dynamic Systems and Control Conference},
  volume    = {1},
  year      = {2010},
  pages     = {265--272},
  month     = {Jan.}
}


@ARTICLE{casadi,
  author={Joel AE Andersson and Joris Gillis and Greg Horn and James B Rawlings and Moritz Diehl},
  journal={Mathematical Programming Computation}, 
  title={CasADi: a software framework for nonlinear optimization and optimal control}, 
  year={2018}
}

@ARTICLE{rosolia,
      title={Autonomous Racing using Learning Model Predictive Control}, 
      author={Ugo Rosolia and Ashwin Carvalho and Francesco Borrelli},
      year={2017},
      eprint={1610.06534},
      archivePrefix={arXiv},
      primaryClass={cs.LG}
}

@ARTICLE{stiffness,
  author = {Lundquist, Christian and Sch√∂n, Thomas},
  title = {Recursive identification of cornering stiffness parameters for an enhanced single track model},
  year = {2009}
}


